% citations within the manuscript of chapter 2
@book{Darwin1859_2,
    address = {London},
    author = {Darwin, Charles},
    publisher = {John Murray},
    edition = {First},
    title = {{On the origin of species by means of natural selection, or the preservation of favoured races in the struggle for life}},
    year = {1859}
}

@article{ref1_2,
  author = {First, Author and Second, Author and Third, Author and Fourth, Author},
  journal = {Name of the Journal},
  number = {X},
  pages = {XX--XX},
  title = {{This is the very very, oh sooo very long title of Chapter 1 --- it even needs line breaks}},
  volume = {XX},
  year = {20XX},
}

@article{Anderson35_2,
  author = {Anderson, Edgar},
  journal = {Bulletin of the American Iris Society},
  number = {59},
  pages = {2--5},
  title = {{The Irises of the Gaspe Peninsula}},
  year = {1935},
}
