@article{ref1,
  author = {First, Author and Second, Author and Third, Author and Fourth, Author},
  journal = {Name of the Journal},
  number = {X},
  pages = {XX--XX},
  title = {{This is the very very, oh sooo very long title of Chapter 1 --- it even needs line breaks}},
  volume = {XX},
  year = {20XX},
}

@article{ref2,
  author = {First, Author and Second, Author and Third, Author},
  journal = {Name of the Journal},
  number = {X},
  pages = {XX--XX},
  title = {{Short title of Chapter 2}},
  volume = {XX},
  year = {20XX},
}