% citations within the synthesis
@book{Darwin1859_z,
    address = {London},
    author = {Darwin, Charles},
    publisher = {John Murray},
    edition = {First},
    title = {{On the origin of species by means of natural selection, or the preservation of favoured races in the struggle for life}},
    year = {1859}
}